<?xml version="1.0" encoding="UTF-8"?>
<collection xmlns="http://www.loc.gov/MARC21/slim">
  <record>
    <leader>00999cam  22002655a 4500</leader>
    <controlfield tag="001">  2002330029</controlfield>
    <controlfield tag="003">DLC</controlfield>
    <controlfield tag="005">20080104084046.0</controlfield>
    <controlfield tag="008">020108s2001    le            000 0 ara  </controlfield>
    <datafield tag="010" ind1=" " ind2=" ">
      <subfield code="a">  2002330029</subfield>
    </datafield>
    <datafield tag="020" ind1=" " ind2=" ">
      <subfield code="a">9953210519</subfield>
    </datafield>
    <datafield tag="035" ind1=" " ind2=" ">
      <subfield code="a">(CStRLIN)DCLN02-B233</subfield>
    </datafield>
    <datafield tag="040" ind1=" " ind2=" ">
      <subfield code="a">DLC-R</subfield>
      <subfield code="c">DLC-R</subfield>
      <subfield code="d">DLC</subfield>
    </datafield>
    <datafield tag="042" ind1=" " ind2=" ">
      <subfield code="a">lcode</subfield>
    </datafield>
    <datafield tag="066" ind1=" " ind2=" ">
      <subfield code="c">(3</subfield>
    </datafield>
    <datafield tag="100" ind1="1" ind2=" ">
      <subfield code="6">880-01</subfield>
      <subfield code="a">Shamīṭ, Walīd.</subfield>
    </datafield>
    <datafield tag="245" ind1="1" ind2="0">
      <subfield code="6">880-02</subfield>
      <subfield code="a">Yūsuf Shāhīn :</subfield>
      <subfield code="b">ḥayāh lil-sīnimā /</subfield>
      <subfield code="c">Walīd Shamīṭ.</subfield>
    </datafield>
    <datafield tag="250" ind1=" " ind2=" ">
      <subfield code="6">880-03</subfield>
      <subfield code="a">al-Ṭabʻah 1.</subfield>
    </datafield>
    <datafield tag="260" ind1=" " ind2=" ">
      <subfield code="6">880-04</subfield>
      <subfield code="a">Beirut :</subfield>
      <subfield code="b">Riyāḍ al-Rayyis lil-Kutub wa-al-Nashr,</subfield>
      <subfield code="c">2001.</subfield>
    </datafield>
    <datafield tag="300" ind1=" " ind2=" ">
      <subfield code="a">265 p. ;</subfield>
      <subfield code="c">22 cm.</subfield>
    </datafield>
    <datafield tag="520" ind1=" " ind2=" ">
      <subfield code="a">Shāhīn, Yūsuf; Egyptian film director; motion picture; Egypt; history and criticism.</subfield>
    </datafield>
    <datafield tag="880" ind1="1" ind2=" ">
      <subfield code="6">100-01/(3/r</subfield>
      <subfield code="a">شميط، وليد.</subfield>
    </datafield>
    <datafield tag="880" ind1="1" ind2="0">
      <subfield code="6">245-02/(3/r</subfield>
      <subfield code="a">يوسف شاهين :</subfield>
      <subfield code="b">حياة للسينما /</subfield>
      <subfield code="c">وليد شميط.</subfield>
    </datafield>
    <datafield tag="880" ind1=" " ind2=" ">
      <subfield code="6">250-03/(3/r</subfield>
      <subfield code="a">الطبعة 1.</subfield>
    </datafield>
    <datafield tag="880" ind1=" " ind2=" ">
      <subfield code="6">260-04/(3/r</subfield>
      <subfield code="a">Beirut :</subfield>
      <subfield code="b">رياض الريس للكتب والنشر،</subfield>
      <subfield code="c">2001.</subfield>
    </datafield>
  </record>